%% This BibTeX bibliography file was created using BibDesk.
%% http://bibdesk.sourceforge.net/

%% Saved with string encoding Unicode (UTF-8) 

@inproceedings{stonebraker93,
	Author = {Michael Stonebraker and Rakesh Agrawal and Umeshwar Dayal and Erich J. Neuhold and Andreas Reuter},
	Booktitle = {VLDB '93 Proceedings of the 19th International Conference on Very Large Data Bases},
	Pages = {688--692},
	Publisher = {Morgan Kaufmann Publishers Inc.},
	Title = {DBMS Research at a Crossroads: The Vienna Update},
	Year = {1993}}
	
@article{rocha09,
	author = {L. M. Rocha and F. A. M. Cappabianco and A. X. Falc{\~{a}}o},
	title = {Data clustering as an optimum-path forest problem with applications in image analysis},
	journal = {International Journal of Imaging Systems and Technology},
	year = {2009},
	volume = {19},
	pages = {50--68},
	number = {2},
	publisher = {Wiley Periodicals}}

@article{sawle14,
  author = {SAWLE, Prajakta D.; GADICHA, A.B.},
  title = {Analysis of Malware Detection Techniques in Android},
  journal = {International Journal of Computer Science and Mobile Computing},
  year = {2014},
}

@Article{idika07,
  author = {IDIKA, N.; MATHUR A.P.},
  title = {A survey of Malware detection techniques},
  journal = {},
  year = {2007},
}
HASSAN, A.; MUHAMMAD. F. Master’s Thesis in Network Engineering, 2010.
@Article{hassan10,
  author = {HASSAN, A.; MUHAMMAD. F.},
  title = {Master’s Thesis in Network Engineering},
  journal = {},
  year = {2010},
}

@Book{kurose09,
  author = {KUROSE, James F.},
  editor = {Pearson Education do Brasil},
  title = {Redes de Computadores e a Internet},
  publisher = {},
  year = {2009},
}

@Article{hurd15,
  author = {Hurd, Alan J.},
  title = {What is the current state of the science of Cyber defense?},
  journal = {},
  year = {2015},
}

@article{baddarxx,
  title={Anomaly Detection in Computer Networks: A State-of-the-Art Review},
  author={Baddar, Sherenaz Al-Haj and Merlo, Alessio and Migliardi, Mauro}
}

@Article{saeed13,
  author = {Imtithal A. Saeed, Ali Selamat, Ali M. A. Abuagoub},
  title = {A Survey on Malware and Malware Detection Systems},
  journal = {International Journal of Computer Applications (0975 – 8887)},
  year = {2013},
}
SZEWCZYK, P. A survey of Computer and Network Security support. In: Australian Information Security Management

Conference, 2012.

@Article{szewczyk12,
  author = {SZEWCZYK, P.},
  title = {A survey of Computer and Network Security support},
  journal = {Australian Information Security Management Conference},
  year = {2012},
}
